% !TeX spellcheck = ru_RU

@Manual{Blender,
   title = {Blender - a 3D modelling and rendering package},
   author = {Blender Online Community},
   organization = {Blender Foundation},
   address = {Stichting Blender Foundation, Amsterdam},
   year = {2018},
   url = {http://www.blender.org},
 }

@misc{ enwiki:1188461634,
    author = "{Wikipedia contributors}",
    title = "Resident Evil 7: Biohazard --- {Wikipedia}{,} The Free Encyclopedia",
    year = "2023",
    url = "https://en.wikipedia.org/w/index.php?title=Resident_Evil_7:_Biohazard&oldid=1188461634",
    note = "[Online; accessed 7-December-2023]"
  }

@misc{ enwiki:1182890909,
    author = "{Wikipedia contributors}",
    title = "Call of Cthulhu: Dark Corners of the Earth --- {Wikipedia}{,} The Free Encyclopedia",
    year = "2023",
    url = "https://en.wikipedia.org/w/index.php?title=Call_of_Cthulhu:_Dark_Corners_of_the_Earth&oldid=1182890909",
    note = "[Online; accessed 7-December-2023]"
  }

@misc{ enwiki:1186824491,
    author = "{Wikipedia contributors}",
    title = "Unity (game engine) --- {Wikipedia}{,} The Free Encyclopedia",
    year = "2023",
    url = "https://en.wikipedia.org/w/index.php?title=Unity_(game_engine)&oldid=1186824491",
    note = "[Online; accessed 7-December-2023]"
  }

@software{unrealengine,
  author = {{Epic Games}},
  title = {Unreal Engine},
  url = {https://www.unrealengine.com},
  version = {4.22.1},
  date = {2019-04-25},
}

@misc{InputSystem,
  title = {Unity Documentation.Input System},
  url = {https://docs.unity3d.com/Packages/com.unity.inputsystem@1.7/manual/index.html},
  note = {Accessed: 2023-12-07}
}

@misc{Fuse,
  title = {Fuse},
  url = {https://www.adobe.com/ie/products/fuse.htmlMarmoset},
  note = {Accessed: 2023-12-07}
}

@misc{ProBuilder,
  title = {ProBuilder},
  url = {https://unity.com/features/probuilder},
  note = {Accessed: 2023-12-07}
}

@misc{PostProcessing,
  title = {Unity Documentation.PostProcessing},
  url = {https://docs.unity3d.com/Packages/com.unity.postprocessing@3.0/manual/index.html},
  note = {Accessed: 2023-12-07}
}

@misc{AnimationRigging,
  title = {Unity Documentation.AnimationRigging},
  url = {https://docs.unity3d.com/Packages/com.unity.animation.rigging@1.0/manual/index.html},
  note = {Accessed: 2023-12-07}
}